
@book{GQM2009,
  Title = {GQM Goal-Question-Metric},
  Author={Carlos Vinícius Pereira de Silva, Danylo de Castro Campos, Déborah Carvalho de Moura, Paulo Nery},
  Year={2009},
}

@book{franca1998mediccao,
  title={Medi{\c{c}}{\~a}o de software para pequenas empresas: uma solu{\c{c}}{\~a}o baseada na Web},
  author={Franca, Luiz Paulo Alves and von Staa, Arndt and de Lucena, Carlos Jos{\'e} Pereira and MCC32, PUC-RioInf},
  year={1998},
  publisher={PUC}
}

@phdthesis{anacleto2004metodo,
  title={M{\'e}todo e modelo de avalia{\c{c}}{\~a}o para melhoria de processos de software em micro e pequenas empresas},
  author={Anacleto, Alessandra and WANGENHEIM, Christiane Gresse von},
  year={2004},
  school={Universidade Federal de Santa Catarina, Centro Tecnol{\'o}gico. Programa de P{\'o}s-Gradua{\c{c}}{\~a}o em Ci{\^e}ncia de Computa{\c{c}}{\~a}o.}
}

@article{salviano2006proposta,
  title={Uma proposta orientada a perfis de capacidade de processo para evolu{\c{c}}{\~a}o da melhoria de processo de software},
  author={Salviano, Cl{\^e}nio F},
  journal={Uma proposta orientada a perfis de capacidade de processo para evolu{\c{c}}{\~a}o de melhoria de processo de software},
  year={2006}
}

@article{schnaider2004abordagem,
  title={Uma abordagem para Medi{\c{c}}{\~a}o e An{\'a}lise em Projetos de Desenvolvimento de Software},
  author={Schnaider, L{\'\i}lian and Santos, Gleison and Montoni, Mariano and Rocha, Ana Regina},
  journal={Bras{\'\i}lia, SBQS},
  year={2004}
}